<?xml version="1.0" encoding="UTF-8"?><collection xmlns="http://www.loc.gov/MARC21/slim"><record><leader>00706nam--2200193-i-4500</leader><controlfield tag="001">000049753</controlfield><controlfield tag="002">20161230</controlfield><controlfield tag="005">20161230201047</controlfield><controlfield tag="008">060222s1000------------r-----000-0-eng-d</controlfield><datafield ind1=" " ind2=" " tag="020"><subfield code="a">9971500841</subfield></datafield><datafield ind1=" " ind2=" " tag="040"><subfield code="a">IFIN-HH</subfield></datafield><datafield ind1=" " ind2=" " tag="080"><subfield code="a">539.122(061.3)</subfield></datafield><datafield ind1="1" ind2=" " tag="100"><subfield code="a">Bergere, Roland /S.A.</subfield></datafield><datafield ind1="1" ind2="0" tag="245"><subfield code="a">International school of intermediate energy nuclear physics</subfield><subfield code="b">Proceedings of the fifth course of the international school of internmediate energy nuclear physics verona, italy, 20-30 june 1985</subfield><subfield code="c">Roland bergere, sergio costa, carlo schaerf (eds.)</subfield></datafield><datafield ind1=" " ind2=" " tag="260"><subfield code="a">Singapore</subfield><subfield code="b">World Scientific</subfield><subfield code="c">1986</subfield></datafield><datafield ind1=" " ind2=" " tag="300"><subfield code="a">IV+543P</subfield></datafield><datafield ind1="1" ind2=" " tag="700"><subfield code="a">Schaerf, Carlo</subfield><subfield code="e">Ed</subfield></datafield><datafield ind1=" " ind2=" " tag="852"><subfield code="a">79172</subfield><subfield code="c">539.14</subfield></datafield><datafield ind1=" " ind2=" " tag="CAT"><subfield code="a">Sys</subfield><subfield code="c">20120406</subfield><subfield code="h">112644</subfield></datafield></record></collection>